<?xml version="1.0" encoding="UTF-8"?><collection xmlns="http://www.loc.gov/MARC21/slim"><record><leader>00345nam--2200133-i-4500</leader><controlfield tag="001">000031907</controlfield><controlfield tag="002">20161230</controlfield><controlfield tag="005">20161230201038</controlfield><controlfield tag="008">060222s1000------------r-----000-0-eng-d</controlfield><datafield ind1=" " ind2=" " tag="080"><subfield code="a">11(038)+590:801.323=590</subfield></datafield><datafield ind1=" " ind2=" " tag="100"><subfield code="a">Rosental Si P.Iudin</subfield></datafield><datafield ind1=" " ind2=" " tag="245"><subfield code="a">Mic dictionar filosofic</subfield></datafield><datafield ind1=" " ind2=" " tag="260"><subfield code="a">Bucuresti, Ed.Politica De Stat, 1954. 691p</subfield></datafield><datafield ind1=" " ind2=" " tag="852"><subfield code="a">D.91</subfield></datafield></record></collection>